
@article{
    spacex-website,
    title = {SpaceX},
    note = {\url{https://www.spacex.com/}},
    year = {2022}
}

@article{
    blue-origin-website,
    title = {Blue Origin},
    note = {\url{https://www.blueorigin.com/}},
    year = {2022}
}

@article{
    bps-space-website,
    title = {BPS Space},
    note = {\url{https://bps.space/}},
    year = {2022}
}